<?xml version="1.0" encoding="UTF-8"?><collection xmlns="http://www.loc.gov/MARC21/slim"><record><leader>00424nam--2200181-u-4500</leader><controlfield tag="001">000055943</controlfield><controlfield tag="002">20161230</controlfield><controlfield tag="005">20161230201052</controlfield><controlfield tag="008">130827s1000------------r-----000-0-rus-d</controlfield><datafield ind1=" " ind2=" " tag="040"><subfield code="a">IFIN-HH</subfield></datafield><datafield ind1=" " ind2=" " tag="041"><subfield code="a">rus</subfield></datafield><datafield ind1=" " ind2=" " tag="080"><subfield code="a">52-36</subfield></datafield><datafield ind1="1" ind2=" " tag="100"><subfield code="a">Klimisin, I.A</subfield></datafield><datafield ind1="1" ind2="0" tag="245"><subfield code="a">Astronomia nasih dnei</subfield><subfield code="c">I.a. klimisin</subfield></datafield><datafield ind1=" " ind2=" " tag="260"><subfield code="a">Moskva</subfield><subfield code="b">Nauka</subfield><subfield code="c">1986</subfield></datafield><datafield ind1=" " ind2=" " tag="300"><subfield code="a">559P</subfield></datafield><datafield ind1=" " ind2=" " tag="852"><subfield code="a">74172</subfield><subfield code="c">521/522</subfield></datafield><datafield ind1=" " ind2=" " tag="CAT"><subfield code="a">Sys</subfield><subfield code="c">20130827</subfield><subfield code="h">134939</subfield></datafield></record></collection>